@article{maddison2021oops,
	title={Oops I Took A Gradient: Scalable Sampling for Discrete Distributions},
	author={Maddison, Christopher Joseph and Duvenaud, David and Swersky, Kevin Jordan and Hashemi, Milad and Grathwohl, Will},
	year={2021}
}

@article{decryption_tsp_MCMC,
	title={On use of Monte Carlo Markov Chains to decode encrypted text and to solve travelling salesman problem},
	author={Cyryl Karpi≈Ñski},
	year={2020}
}

@book{haggstrom2002finite,
	title={Finite Markov chains and algorithmic applications},
	author={H{\"a}ggstr{\"o}m, Olle and others},
	volume={52},
	year={2002},
	publisher={Cambridge University Press}
}